<?xml version="1.0" encoding="UTF-8"?><collection xmlns="http://www.loc.gov/MARC21/slim"><record><leader>00535nam--2200181-i-4500</leader><controlfield tag="001">000015977</controlfield><controlfield tag="002">20161230</controlfield><controlfield tag="005">20161230201031</controlfield><controlfield tag="008">060222s1000------------r-----000-0-eng-d</controlfield><datafield ind1=" " ind2=" " tag="040"><subfield code="a">IFIN-HH</subfield></datafield><datafield ind1=" " ind2=" " tag="080"><subfield code="a">51-7:53</subfield></datafield><datafield ind1="1" ind2=" " tag="100"><subfield code="a">Chisholm, J.S.R</subfield></datafield><datafield ind1="1" ind2="0" tag="245"><subfield code="a">Undergraduate textbooks in physics. vol. ii. mathematical methods in physics</subfield><subfield code="c">J.s.r. chisholm, rosa m. morris</subfield></datafield><datafield ind1=" " ind2=" " tag="260"><subfield code="a">Amsterdam</subfield><subfield code="b">North-holland Publ.Co</subfield><subfield code="c">1964</subfield></datafield><datafield ind1=" " ind2=" " tag="300"><subfield code="a">XVIII + 719 P</subfield></datafield><datafield ind1="1" ind2=" " tag="700"><subfield code="a">Morris, Rosa M</subfield></datafield><datafield ind1=" " ind2=" " tag="852"><subfield code="a">19782</subfield><subfield code="c">53</subfield></datafield><datafield ind1=" " ind2=" " tag="CAT"><subfield code="a">Sys</subfield><subfield code="c">20150217</subfield><subfield code="h">221925</subfield></datafield></record></collection>